<record><leader>00000cas a2200000 a 4500</leader><controlfield tag="001">12574304</controlfield><controlfield tag="008">850919d18931894ksuwr ne      0    0eng d</controlfield><datafield ind1=" " ind2=" " tag="010"><subfield code="a">sn 85029847 </subfield></datafield><datafield ind1=" " ind2=" " tag="040"><subfield code="a">KSH</subfield><subfield code="b">eng</subfield><subfield code="c">KSH</subfield><subfield code="d">NPT</subfield><subfield code="d">OCL</subfield><subfield code="d">OCLCQ</subfield></datafield><datafield ind1=" " ind2=" " tag="042"><subfield code="a">msc</subfield></datafield><datafield ind1="0" ind2=" " tag="130"><subfield code="a">Springfield leader (Springfield, Kan.)</subfield></datafield><datafield ind1="1" ind2="4" tag="245"><subfield code="a">The Springfield leader.</subfield></datafield><datafield ind1=" " ind2=" " tag="260"><subfield code="a">Springfield, Kan. :</subfield><subfield code="b">J.E. Lucas,</subfield><subfield code="c">1893-1894.</subfield></datafield><datafield ind1=" " ind2=" " tag="300"><subfield code="a">1 v. :</subfield><subfield code="b">ill. ;</subfield><subfield code="c">54-60 cm.</subfield></datafield><datafield ind1=" " ind2=" " tag="310"><subfield code="a">Weekly</subfield></datafield><datafield ind1="0" ind2=" " tag="362"><subfield code="a">Vol. 5, no. 30 (Aug. 18, 1893)-v. 6, no. 31 (Aug. 24, 1894).</subfield></datafield><datafield ind1=" " ind2=" " tag="500"><subfield code="a">"Peoples party."</subfield></datafield><datafield ind1=" " ind2=" " tag="752"><subfield code="a">United States</subfield><subfield code="b">Kansas</subfield><subfield code="c">Seward</subfield><subfield code="d">Springfield.</subfield></datafield><datafield ind1="0" ind2="0" tag="780"><subfield code="t">Springfield republican (Springfield, Kan.)</subfield><subfield code="w">(DLC)sn 85029842</subfield></datafield><datafield ind1="0" ind2="0" tag="785"><subfield code="t">Seward County populist</subfield><subfield code="w">(DLC)sn 85029852</subfield></datafield><datafield ind1="1" ind2=" " tag="029"><subfield code="a">AU@</subfield><subfield code="b">000022172691</subfield></datafield></record>